@book{Abramowitz,
author = "Abramowitz, M. and Stegun, I.",
title  = "Handbook of Mathematical Functions",
publisher = {Dover Publications},
year = "1965" }